%% This BibTeX bibliography file was created using BibDesk.
%% https://bibdesk.sourceforge.io/

%% Created for Roland at 2023-07-20 15:04:03 +0200 


%% Saved with string encoding Unicode (UTF-8) 



@article{Gries2022,
	author = {{Stefan Th.} Gries},
	date-added = {2023-07-20 15:04:03 +0200},
	date-modified = {2023-07-20 15:04:03 +0200},
	journal = {Journal of Second Language Studies},
	number = {1},
	pages = {1--33},
	title = {What do (some of) our association measures measure (most)? Association?},
	volume = {5},
	year = {2022}}

@article{AnthonissenEa2016,
	author = {Anthonissen, Lynn and Wit, Astrid De and Mortelmans, Tanja},
	date = {2016},
	doi = {10.1017/S1470542715000185},
	journaltitle = {Journal of Germanic Linguistics},
	number = {1},
	pages = {1--30},
	title = {Aspect Meets Modality: A Semantic Analysis of the {G}erman Am-Progressive},
	volume = {28},
	bdsk-url-1 = {https://doi.org/10.1017/S1470542715000185}}

@article{ArppeJaervikivi2007,
	author = {Arppe, Antti and J{\"a}rvikivi, Juhani},
	date = {2007},
	doi = {10.1515/cllt.2007.009},
	journaltitle = {Corpus Linguistics and Linguistic Theory},
	number = {2},
	pages = {131--159},
	title = {Every method counts: combining corpus-based and experimental evidence in the study of synonymy},
	volume = {3},
	bdsk-url-1 = {https://doi.org/10.1515/cllt.2007.009}}

@article{Berg2016,
	author = {Berg, Kristian},
	date = {2016},
	doi = {10.3389/fpsyg.2016.00388},
	journaltitle = {Frontiers in Psychology},
	number = {388},
	pages = {1--3},
	title = {Graphemic Analysis and the Spoken Language Bias},
	volume = {7},
	bdsk-url-1 = {https://doi.org/10.3389/fpsyg.2016.00388}}

@article{BorikGehrke2019,
	author = {Borik, Olga and Gehrke, Berit},
	date = {2019},
	doi = {doi.org/10.5334/gjgl.1055},
	journaltitle = {Glossa},
	number = {1: 109},
	pages = {1--27},
	title = {Participles: Form, use and meaning},
	volume = {4},
	bdsk-url-1 = {https://doi.org/10.5334/gjgl.1055}}

@article{BredelGuenther2000,
	author = {Bredel, Ursula and G{\"u}nther, Hartmut},
	date = {2000},
	doi = {10.1515/zfsw.2000.19.1.103},
	journaltitle = {Zeitschrift f{\"u}r Sprachwissenschaft},
	number = {1},
	pages = {103--110},
	title = {Quer {\"u}ber das {Feld} das {Kopfadjunkt}. {Bemerkungen} zu {Peter} {Gallmanns} {Aufsatz} {Wortbegriff} und {Nomen}-{Verb}-{Verbindungen}.},
	volume = {19},
	bdsk-url-1 = {https://doi.org/10.1515/zfsw.2000.19.1.103}}

@incollection{BresnanEa2007,
	author = {Bresnan, Joan and Cueni, Anna and Nikitina, Tatiana and Baayen, {R. Harald}},
	booktitle = {Cognitive foundations of interpretation},
	date = {2007},
	editor = {Bouma, Gerlof and Kr{\"a}mer, Irene and Zwarts, Joost},
	location = {Amsterdam},
	pages = {69--94},
	publisher = {Koninklijke Nederlandse Akadmie van Wetenschappen},
	title = {Predicting the Dative Alternation}}

@incollection{BybeeBeckner2009,
	author = {Bybee, Joan L. and Beckner, Clay},
	booktitle = {The {Oxford} Handbook of Linguistic Analysis},
	date = {2009},
	doi = {10.1093/oxfordhb/9780199544004.013.0032},
	editor = {Heine, Bernd and Narrog, Heiko},
	location = {Oxford},
	pages = {827--856},
	publisher = {Oxford University Press},
	title = {Usage-based theory},
	bdsk-url-1 = {https://doi.org/10.1093/oxfordhb/9780199544004.013.0032}}

@proceedings{LREC12,
	booktitle = {Proceedings of the Eight International Conference on Language Resources and Evaluation (LREC'12)},
	date = {2012},
	editor = {Calzolari, Nicoletta and Choukri, Khalid and Declerck, Thierry and Do{\u g}an, Mehmet U{\u g}ur and Maegaard, Bente and Mariani, Joseph and Odijk, Jan and Piperidis, Stelios},
	location = {Istanbul},
	publisher = {ELRA},
	title = {Proceedings of the Eighth International Conference on Language Resources and Evaluation {(LREC '12)}}}

@article{Dabrowska2014,
	author = {D{\k a}browska, Ewa},
	date = {2014},
	doi = {10.1075/ml.9.3.02dab},
	journaltitle = {The Mental Lexicon},
	number = {3},
	pages = {401--418},
	title = {Words that go together: measuring individual differences in native speakers' knowledge of collocations},
	volume = {9},
	bdsk-url-1 = {https://doi.org/10.1075/ml.9.3.02dab}}

@article{Dabrowska2016,
	author = {D{\k a}browska, Ewa},
	date = {2016},
	doi = {10.1515/cog-2016-0059},
	journaltitle = {Cognitive Linguistics},
	number = {4},
	pages = {479--491},
	title = {Cognitive Linguistics' seven deadly sins},
	volume = {27},
	bdsk-url-1 = {https://doi.org/10.1515/cog-2016-0059}}

@article{DammelKempf2018,
	author = {Dammel, Antje and Kempf, Luise},
	date = {2018},
	doi = {10.3726/zwjw.2018.02.02},
	journaltitle = {Journal of Word Formation},
	pages = {52--86},
	title = {Paradigmatic Relationships in {German} Action Noun Formation},
	volume = {2},
	bdsk-url-1 = {https://doi.org/10.3726/zwjw.2018.02.02}}

@incollection{Divjak2016a,
	author = {Divjak, Dagmar},
	booktitle = {Change of Paradigms -- New Paradoxes -- Recontextualizing Language and Linguistics},
	date = {2016},
	doi = {10.1515/9783110435597-017},
	editor = {Daems, Jocelyne and Zenner, Eline and Heylen, Kris and Speelman, Dirk and Cuyckens, Hubert},
	location = {Berlin/Boston},
	pages = {297--309},
	publisher = {De Gruyter Mouton},
	title = {Four challenges for usage-based linguistics},
	bdsk-url-1 = {https://doi.org/10.1515/9783110435597-017}}

@article{DivjakArppe2013,
	author = {Divjak, Dagmar and Arppe, Antti},
	date = {2013},
	doi = {10.1515/cog-2013-0008},
	journaltitle = {Cognitive Linguistics},
	number = {2},
	pages = {221--274},
	title = {Extracting prototypes from exemplars What can corpus data tell us about concept representation?},
	volume = {24},
	bdsk-url-1 = {https://doi.org/10.1515/cog-2013-0008}}

@article{DivjakEa2016a,
	author = {Divjak, Dagmar and D{\k a}browska, Ewa and Arppe, Antti},
	date = {2016},
	doi = {10.1515/cog-2015-0101},
	journaltitle = {Cognitive Linguistics},
	number = {1},
	pages = {1--33},
	title = {Machine meets man: evaluating the psychological reality of corpus-based probabilistic models},
	volume = {27},
	bdsk-url-1 = {https://doi.org/10.1515/cog-2015-0101}}

@article{Dobric2015,
	author = {Dobri{\'c}, Nikola},
	date = {2015},
	doi = {10.1016/j.langsci.2014.12.005},
	journaltitle = {Language Sciences},
	pages = {1--11},
	title = {Three-factor prototypicality evaluation and the verb ``look''},
	volume = {50},
	bdsk-url-1 = {https://doi.org/10.1016/j.langsci.2014.12.005}}

@article{DueckerSzczepaniak2017,
	author = {D{\"u}cker, Lisa and Szczepaniak, Renata},
	date = {2017},
	doi = {10.1515/jbgsg-2017-0004},
	journaltitle = {Jahrbuch f{\"u}r Germanistische Sprachgeschichte},
	number = {1},
	pages = {30--51},
	title = {``Auffm Teuffel{{\ss}} dantz haben sie auffr knotten korffen linen gedantzet''. {D}ie graphematische {Markierung} von {Komposition} in den {Hexenverh{\"o}rprotokollen} aus dem 16./17.\ Jh.},
	volume = {8},
	bdsk-url-1 = {https://doi.org/10.1515/jbgsg-2017-0004}}

@book{Eisenberg2020a,
	author = {Eisenberg, Peter},
	date = {2020},
	doi = {10.1007/978-3-476-05096-0},
	edition = {5},
	location = {Stuttgart},
	publisher = {Metzler},
	title = {{Grundriss} der deutschen {Grammatik}: {Das} {Wort}},
	bdsk-url-1 = {https://doi.org/10.1007/978-3-476-05096-0}}

@incollection{Evert2008,
	author = {Evert, Stefan},
	booktitle = {Corpus Linguistics: An International Handbook},
	date = {2008},
	doi = {10.1515/9783110213881.2.1212},
	editor = {L{\"u}deling, Anke and Kyt{\"o}, Maria},
	location = {Berlin},
	pages = {1212--1248},
	publisher = {Mouton},
	title = {Corpora and collocations},
	volume = {2},
	bdsk-url-1 = {https://doi.org/10.1515/9783110213881.2.1212}}

@book{FleischerBartz2012,
	author = {Fleischer, Wolfgang and Barz, Irmhild},
	date = {2012},
	doi = {10.1515/9783110256659},
	edition = {4},
	editor = {Schr{\"o}der, Marianne},
	location = {Berlin, Boston},
	publisher = {De Gruyter},
	title = {Wortbildung der deutschen {Gegenwartssprache}},
	bdsk-url-1 = {https://doi.org/10.1515/9783110256659}}

@incollection{FordBresnan2013,
	author = {Ford, Marilyn and Bresnan, Joan},
	booktitle = {Research Methods in Language Variation and Change},
	date = {2013},
	doi = {10.1017/cbo9780511792519.020},
	editor = {Krug, Manfred and Schl{\"u}ter, Julia},
	location = {Cambridge, MA},
	pages = {295--312},
	publisher = {Cambridge University Press},
	title = {Using convergent evidence from psycholinguistics and usage},
	bdsk-url-1 = {https://doi.org/10.1017/cbo9780511792519.020}}

@incollection{Fortmann2015,
	author = {Fortmann, Christian},
	booktitle = {Word-formation: An international handbook of the languages of {E}urope},
	date = {2015},
	doi = {10.1515/9783110246254-036},
	editor = {M{\"u}ller, Peter O. and Ohnheiser, Ingeborg and Olsen, Susan and Rainer, Franz},
	location = {Berlin},
	pages = {594--610},
	publisher = {De Gruyter Mouton},
	title = {Verbal pseudo-compounds in {German}},
	volume = {1},
	bdsk-url-1 = {https://doi.org/10.1515/9783110246254-036}}

@article{FoxWeisberg2018,
	author = {Fox, John and Weisberg, Sanford},
	date = {2018},
	doi = {10.18637/jss.v087.i09},
	journaltitle = {Journal of Statistical Software},
	number = {9},
	pages = {1--27},
	title = {Visualizing Fit and Lack of Fit in Complex Regression Models: Effect Plots with Partial Residuals},
	volume = {87},
	bdsk-url-1 = {https://doi.org/10.18637/jss.v087.i09}}

@book{Fuhrhop2007,
	author = {Fuhrhop, Nanna},
	date = {2007},
	doi = {10.1515/9783110936544},
	location = {T{\"u}bingen},
	publisher = {Niemeyer},
	title = {Zwischen {Wort} und {Syntagma}. {Zur} grammatischen {Fundierung} der {Getrennt}- und {Zusammenschreibung}},
	bdsk-url-1 = {https://doi.org/10.1515/9783110936544}}

@incollection{Gaeta2010,
	author = {Gaeta, Livio},
	booktitle = {Cross-disciplinary issues in compounding},
	date = {2010},
	doi = {10.1075/cilt.311.17gae},
	editor = {Scalise, Sergio and Vogel, Irene},
	location = {Amsterdam},
	pages = {219--2366},
	publisher = {Benjamins},
	title = {Synthetic compounds: With special reference to {German}},
	bdsk-url-1 = {https://doi.org/10.1075/cilt.311.17gae}}

@book{GaetaSchluecker2012,
	date = {2012},
	doi = {10.1515/9783110278439},
	editor = {Gaeta, Livio and Schl{\"u}cker, Barbara},
	location = {Berlin},
	publisher = {De Gruy\-ter},
	title = {Das {Deutsche} als kompositionsfreudige {Sprache}: strukturelle {Eigenschaften} und systembezogene {Aspekte}},
	bdsk-url-1 = {https://doi.org/10.1515/9783110278439}}

@article{GaetaZeldes2017,
	author = {Gaeta, Livio and Zeldes, Amir},
	date = {2017},
	doi = {doi 10.1075/cf.9.1.01gae},
	journaltitle = {Constructions and Frames},
	number = {1},
	pages = {1--40},
	title = {Between {VP} and {NN}: On the constructional types of {German} -er compounds},
	volume = {9},
	bdsk-url-1 = {https://doi.org/10.1075/cf.9.1.01gae}}

@article{Gallmann1999,
	author = {Gallmann, Peter},
	date = {1999},
	doi = {10.1515/zfsw.1999.18.2.269},
	journaltitle = {Zeit\-schrift f{\"u}r Sprachwissenschaft},
	number = {2},
	pages = {269--304},
	title = {Wortbegriff und {N}omen-{V}erb-{V}erbindungen},
	volume = {18},
	bdsk-url-1 = {https://doi.org/10.1515/zfsw.1999.18.2.269}}

@book{GelmanHill2006,
	author = {Gelman, Andrew and Hill, Jennifer},
	date = {2006},
	doi = {10.1017/cbo9780511790942},
	location = {Cambridge},
	publisher = {Cambridge University Press},
	title = {Data Analysis Using Regression and Multilevel\slash Hierarchical Models},
	bdsk-url-1 = {https://doi.org/10.1017/cbo9780511790942}}

@incollection{Gilquin2006,
	author = {Gilquin, Ga{\"e}tanelle},
	booktitle = {Corpora in Cognitive Linguistics: Corpus-based approaches to syntax and lexis},
	date = {2006},
	editor = {Gries, Stefan Th. and Stefanowitsch, Anatol},
	pages = {159--191},
	publisher = {De Gruyter Mouton},
	title = {The place of prototypicality in corpus linguistics: Causation in the hot seat}}

@article{Gries2003,
	author = {Gries, {Stefan Th.}},
	date = {2003},
	doi = {10.1075/arcl.1.02gri},
	journaltitle = {Annual Review of Cognitive Linguistics},
	pages = {1--27},
	title = {Towards a corpus-based identification of prototypical instances of constructions},
	volume = {1},
	bdsk-url-1 = {https://doi.org/10.1075/arcl.1.02gri}}

@article{Gries2015b,
	author = {Gries, {Stefan Th.}},
	date = {2015},
	doi = {10.1515/cog-2014-0092},
	journaltitle = {Cognitive Linguistics},
	number = {3},
	pages = {505--536},
	title = {More (old and new) misunderstandings of collostructional analysis: on {Schmid} and {K{\"u}chenhoff} (2013)},
	volume = {26},
	bdsk-url-1 = {https://doi.org/10.1515/cog-2014-0092}}

@incollection{Guenther1997,
	author = {G{\"u}nther, Hartmut},
	booktitle = {Sprache im {Fokus}: {Festschrift} f{\"u}r {Heinz} {Vater} zum 65.\ {Geburtstag}},
	date = {1997},
	editor = {D{\"u}rscheid, Christa},
	location = {T{\"u}bingen},
	pages = {3--16},
	publisher = {Niemeyer},
	title = {Zur grammatischen {B}asis der {G}e\-trennt-\slash{Z}u\-sam\-men\-schrei\-bung im {D}eutschen}}

@book{HentschelWeydt2003,
	author = {Hentschel, Elke and Weydt, Harald},
	date = {2003},
	doi = {10.1515/9783110312973},
	edition = {3},
	location = {Berlin, Boston},
	publisher = {De Gruyter},
	title = {Handbuch der deutschen {Grammatik}},
	bdsk-url-1 = {https://doi.org/10.1515/9783110312973}}

@book{Hoberg1981,
	author = {Hoberg, Ursula},
	date = {1981},
	location = {M{\"u}nchen},
	publisher = {Hueber},
	title = {Die {Wortstellung} in der geschriebenen deutschen {Gegenwartssprache}}}

@incollection{Huening2010,
	author = {H{\"u}ning, Matthias},
	booktitle = {Cognitive Perspectives on Word Formation},
	date = {2010},
	doi = {doi.org/10.1515/9783110223606.195},
	editor = {Onysko, Alexander and Michel, Sascha},
	location = {Berlin, New York},
	pages = {195--216},
	publisher = {De Gruyter Mouton},
	title = {Adjective + {N}oun constructions between syntax and word formation in {D}utch and {G}erman},
	bdsk-url-1 = {https://doi.org/10.1515/9783110223606.195}}

@book{Jacobs2005,
	author = {Jacobs, Joachim},
	date = {2005},
	doi = {10.1515/9783110919295},
	location = {Berlin},
	publisher = {De Gruyter},
	title = {Spatien. {Z}um {S}ystem der {G}etrennt- und {Z}usammenschreibung im heutigen {D}eutsch},
	bdsk-url-1 = {https://doi.org/10.1515/9783110919295}}

@article{Kapatsinski2014,
	author = {Kapatsinski, Vsevolod},
	date = {2014},
	journaltitle = {Linguistic Issues in Language Technology},
	pages = {1--41},
	title = {What is grammar like? {A} usage-based constructionist perspective},
	volume = {11}}

@article{KilgarriffEa2014,
	author = {Kilgarriff, Adam and Baisa, Vı́t and Bu{\v s}ta, Jan and Jakubı́{\v c}ek, Milo{\v s} and Kov{\'a}{\v r}, Vojt{\v e}ch and Michelfeit, Jan and Rychl{\'y}, Pavel and Suchomel, Vı́t},
	date = {2014},
	doi = {10.1007/s40607-014-0009-9},
	journaltitle = {Lexicography},
	pages = {1--30},
	title = {The {S}ketch {E}ngine: Ten years on},
	bdsk-url-1 = {https://doi.org/10.1007/s40607-014-0009-9}}

@book{Klos2011,
	author = {Klos, Verena},
	date = {2011},
	doi = {10.1515/9783110258875},
	location = {Berlin, New York},
	publisher = {De Gruyter},
	title = {{Komposition} und {Kompositionalit{\"a}t}. {M{\"o}glichkeiten} und {Grenzen} der semantischen {Dekodierung} von {Substantivkomposita}},
	bdsk-url-1 = {https://doi.org/10.1515/9783110258875}}

@article{KuechenhoffSchmid2015,
	author = {K{\"u}chenhoff, Helmut and Schmid, Hans-J{\"o}rg},
	date = {2015},
	doi = {10.1515/cog-2015-0053},
	journaltitle = {Cognitive Linguistics},
	number = {3},
	pages = {537--547},
	title = {Reply to ``{More} (old and new) misunderstandings of collostructional analysis: on {Schmid} \& {K{\"u}chenhoff}'' by {Stefan Th.} {Gries}},
	volume = {26},
	bdsk-url-1 = {https://doi.org/10.1515/cog-2015-0053}}

@article{Lehmann2020,
	author = {Lehmann, Christian},
	date = {2020},
	doi = {10.1515/flih-2020-0007},
	journaltitle = {Folia Linguistica Historica},
	number = {1},
	pages = {205--252},
	title = {Univerbation},
	volume = {42},
	bdsk-url-1 = {https://doi.org/10.1515/flih-2020-0007}}

@article{Mithun1984,
	author = {Mithun, Marianne},
	date = {1984},
	doi = {10.2307/413800},
	journaltitle = {Language},
	number = {4},
	pages = {847--894},
	title = {The Evolution of Noun Incorporation},
	volume = {60},
	bdsk-url-1 = {https://doi.org/10.2307/413800}}

@incollection{Morcinek2013,
	author = {Morcinek, Bettina},
	booktitle = {Das {Deutsche} als kompositionsfreudige {Sprache}. {Strukturelle} {Eigenschaften} und systembezogene {Aspekte}},
	date = {2012},
	doi = {10.1515/9783110278439.83},
	editor = {Gaeta, Livio and Schl{\"u}cker, Barbara},
	location = {Berlin},
	pages = {83--100},
	publisher = {De Gruyter},
	title = {Getrennt- und {Zusammenschreibung}: {Wie} aus syntaktischen {Strukturen} komplexe {Verben} wurden},
	bdsk-url-1 = {https://doi.org/10.1515/9783110278439.83}}

@book{Murphy2002,
	author = {Murphy, Gregory},
	date = {2002},
	location = {Cambridge},
	publisher = {MIT Press},
	title = {The big book of concepts}}

@book{Muthmann1988,
	author = {Muthmann, Gustav},
	date = {1988},
	doi = {10.1515/9783110920666},
	location = {T{\"u}bingen},
	publisher = {Niemeyer},
	title = {R{\"u}ckl{\"a}ufiges deutsches {W{\"o}rterbuch}. {Handbuch} der {Wortausg{\"a}nge} im {Deutschen} mit {Beachtung} der {Wort}- und {Lautstruktur}},
	bdsk-url-1 = {https://doi.org/10.1515/9783110920666}}

@article{Newman2011,
	author = {Newman, John},
	date = {2011},
	doi = {10.1590/S1984-63982011000200010},
	journaltitle = {Revista Brasileira de Linguı́stica Aplicada},
	number = {2},
	pages = {521--559},
	title = {Corpora and cognitive linguistics},
	volume = {11},
	bdsk-url-1 = {https://doi.org/10.1590/S1984-63982011000200010}}

@book{NueblingEa2017,
	author = {N{\"u}bling, Damaris and Dammel, Antje and Duke, Janet and Szczepaniak, Renata},
	date = {2017},
	location = {T{\"u}bingen},
	publisher = {Narr},
	title = {{Historische} {Sprachwissenschaft} des {Deutschen}. {Eine} {Einf{\"u}hrung} in die {Prinzipien} des {Sprachwandels}}}

@article{PankratzVantiel2021,
	author = {Pankratz, Elizabeth and Van Tiel, Bob},
	date = {2021},
	doi = {10.1017/langcog.2021.13},
	journaltitle = {Language and Cognition},
	number = {4},
	pages = {562--594},
	title = {The role of relevance for scalar diversity: a usage-based approach},
	volume = {13},
	bdsk-url-1 = {https://doi.org/10.1017/langcog.2021.13}}

@article{PaulyNottbusch2020,
	author = {Pauly, Dennis Nikolas and Nottbusch, Guido},
	date = {2020},
	doi = {10.3389/fcomm.2020.00015},
	journaltitle = {Frontiers in Communication},
	number = {15},
	pages = {1--15},
	title = {The Influence of the {German} Capitalization Rules on Reading},
	volume = {5},
	bdsk-url-1 = {https://doi.org/10.3389/fcomm.2020.00015}}

@incollection{Primus2010,
	author = {Primus, Beatrice},
	booktitle = {Schriftsystem und {S}chrifterwerb},
	date = {2010},
	doi = {10.1515/9783110232257.9},
	editor = {Bredel, Ursula and M{\"u}ller, Astrid and Hinney, Gabriele},
	location = {Berlin, New York},
	pages = {9--45},
	publisher = {De Gruyter},
	title = {Strukturelle {Grundlagen} des deutschen {Schriftsystems}},
	bdsk-url-1 = {https://doi.org/10.1515/9783110232257.9}}

@article{Rosch1973,
	author = {Rosch, Eleanor},
	date = {1973},
	doi = {10.1016/0010-0285(73)90017-0},
	journaltitle = {Cognitive Psychology},
	number = {3},
	pages = {328--350},
	title = {Natural categories},
	volume = {4},
	bdsk-url-1 = {https://doi.org/10.1016/0010-0285(73)90017-0}}

@incollection{Rosch1978,
	author = {Rosch, Eleanor},
	booktitle = {Cognition and categorization},
	date = {1978},
	doi = {10.1016/b978-1-4832-1446-7.50028-5},
	editor = {Rosch, Eleanor and Lloyd, {Barbara B.}},
	location = {Hillsdale},
	pages = {27--48},
	publisher = {Erlbaum},
	title = {Principles of categorization},
	bdsk-url-1 = {https://doi.org/10.1016/b978-1-4832-1446-7.50028-5}}

@article{SchaeferSayatz2014,
	abstract = {We discuss cliticized indefinite articles in written German, both ``regular'' reduced forms (ein `a' → n) and extended forms (ein → nen). Previous analyses of factors that favor written realizations of both variants are based on too sparse data for inferential statistics. We fill this gap, demonstrating that quantitative graphemics for non-standard writing is possible. We us a large web corpus for our studies. By analyzing incoherent usage of cliticized and non-cliticized forms in conjuncts, we demonstrate that the two forms partially alternate randomly. We then show that the general loss of the genitive in informal writing does not explain why cliticized genitives do not occur at all. In two further studies, we apply logistic regression, finding that cliticization is disfavored in certain contexts (sentence-initially, after prepositions) and favored in others (when the non-cliticized form is bisyllabic), but that purely phonological factors (preceding vowel) are not significant. Finally, we show that full written cliticization (nurn `only a') only occurs when the shape of the cliticized article by itself is insufficient as a well-formed graphemic word (like n). Lastly, we argue that the phenomenon is at least partly a genuinely graphemic one, going beyond mere phonographical renderings of spoken language, and we discuss the results from a paradigm perspective.},
	author = {Sch{\"a}\-fer, Ro\-land and Sa\-yatz, Ul\-ri\-ke},
	date = {2014},
	doi = {10.1515/zfs-2014-0008},
	journaltitle = {Zeit\-schrift f{\"u}r Sprach\-wis\-sen\-schaft},
	number = {2},
	pages = {215--250},
	title = {Die {Kurz\-for\-men} des {In\-de\-fi\-nit\-ar\-ti\-kels} im {Deu\-tschen}},
	volume = {33},
	bdsk-url-1 = {https://doi.org/10.1515/zfs-2014-0008}}

@article{SchaeferSayatz2016,
	author = {Sch{\"a}\-fer, Ro\-land and Sa\-yatz, Ul\-ri\-ke},
	date = {2016},
	doi = {10.1075/wll.19.2.04sch},
	journaltitle = {Written Language and Literacy},
	number = {2},
	pages = {212--245},
	title = {Punctuation and Syntactic Structure in ``Obwohl'' and ``Weil'' Clauses in Nonstandard Written {German}},
	volume = {19},
	bdsk-url-1 = {https://doi.org/10.1075/wll.19.2.04sch}}

@article{Schaefer2018,
	author = {Sch{\"a}fer, Roland},
	date = {2018},
	doi = {10.1515/cog-2017-0050},
	journaltitle = {Cognitive Linguistics},
	number = {4},
	pages = {729--771},
	title = {Abstractions and exemplars: The measure noun phrase alternation in {German}},
	volume = {29},
	bdsk-url-1 = {https://doi.org/10.1515/cog-2017-0050}}

@article{Schaefer2019a,
	author = {Sch{\"a}fer, Roland},
	date = {2019},
	doi = {10.1515/cllt-2015-0051},
	journaltitle = {Corpus Linguistics and Linguistic Theory},
	number = {2},
	pages = {383--418},
	title = {Prototype-Driven Alternations: The Case of {German} Weak Nouns},
	volume = {15},
	bdsk-url-1 = {https://doi.org/10.1515/cllt-2015-0051}}

@incollection{Schaefer2020a,
	author = {Sch{\"a}fer, Roland},
	booktitle = {A Practical Handbook of Corpus Linguistics},
	date = {2020},
	doi = {10.1007/978-3-030-46216-1_22},
	editor = {Gries, Stefan and Paquot, Magali},
	location = {Berlin, Heidelberg},
	pages = {535--561},
	publisher = {Springer},
	title = {Generalized Linear Mixed Models},
	bdsk-url-1 = {https://doi.org/10.1007/978-3-030-46216-1_22}}

@inproceedings{SchaeferBildhauer2012a,
	author = {Sch{\"a}fer, Roland and Bildhauer, Felix},
	booktitle = {Proceedings of the Eighth International Conference on Language Resources and Evaluation {(LREC '12)}},
	crossref = {LREC12},
	date = {2012},
	pages = {486--493},
	title = {Building Large Corpora from the Web Using a New Efficient Tool Chain}}

@article{SchaeferPankratz2018,
	author = {Sch{\"a}fer, Roland and Pankratz, Elizabeth},
	date = {2018},
	doi = {10.1007/s11525-018-9331-5},
	journaltitle = {Morphology},
	number = {4},
	pages = {325--358},
	title = {The plural interpretability of {German} linking elements},
	volume = {28},
	bdsk-url-1 = {https://doi.org/10.1007/s11525-018-9331-5}}

@incollection{Scherer2012,
	author = {Scherer, Carmen},
	crossref = {GaetaSchluecker2012},
	date = {2012},
	doi = {10.1515/9783110278439.57},
	pages = {57--81},
	title = {Vom {Reisezentrum} zum {Reise} {Zentrum} -- {Variation} in der {Schreibung} von {N+N}-{Komposita}},
	bdsk-url-1 = {https://doi.org/10.1515/9783110278439.57}}

@incollection{Schluecker2012,
	author = {Schl{\"u}cker, Barbara},
	crossref = {GaetaSchluecker2012},
	doi = {10.1515/9783110278439},
	pages = {1--25},
	title = {Die deutsche {Kompositionsfreudigkeit}: {{\"U}bersicht} und {Einf{\"u}hrung}},
	bdsk-url-1 = {https://doi.org/10.1515/9783110278439}}

@article{SchmidKuechenhoff2013,
	author = {Schmid, Hans-J{\"o}rg and K{\"u}chenhoff, Helmut},
	date = {2013},
	doi = {10.1515/cog-2013-0018},
	journaltitle = {Cognitive Linguistics},
	number = {3},
	pages = {531--577},
	title = {Collostructional analysis and other ways of measuring lexicogrammatical attraction: Theoretical premises, practical problems and cognitive underpinnings},
	volume = {24},
	bdsk-url-1 = {https://doi.org/10.1515/cog-2013-0018}}

@thesis{Simunic2018,
	author = {Simunic, Roman Nino},
	date = {2018},
	institution = {Ruhr-Universit{\"a}t Bochum},
	location = {Bochum},
	title = {Datenakquisition und {Datenanalyse} von {Nomen}-{Adjektiv}-{Komposita}},
	type = {phdthesis}}

@article{StefanowitschGries2003,
	author = {Stefanowitsch, Anatol and Gries, {Stefan Th.}},
	date = {2003},
	doi = {10.1075/ijcl.8.2.03ste},
	journaltitle = {International Journal of Corpus Linguistics},
	number = {2},
	pages = {209--243},
	title = {Collostructions: Investigating the interaction between words and constructions.},
	volume = {8},
	bdsk-url-1 = {https://doi.org/10.1075/ijcl.8.2.03ste}}

@incollection{StefanowitschGries2009,
	author = {Stefanowitsch, Anatol and Gries, {Stefan Th.}},
	booktitle = {Corpus Linguistics: An International Handbook},
	date = {2009},
	doi = {10.1515/9783110213881.2.933},
	editor = {L{\"u}deling, Anke and Kyt{\"o}, Merja},
	location = {Berlin},
	pages = {933--952},
	publisher = {De Gruyter Mouton},
	title = {Corpora and grammar},
	volume = {2},
	bdsk-url-1 = {https://doi.org/10.1515/9783110213881.2.933}}

@book{Stumpf2015,
	author = {Stumpf, S{\"o}ren},
	date = {2015},
	location = {Frankfurt am Main},
	publisher = {Peter Lang},
	title = {Formelhafte ({Ir}-){Regularit{\"a}ten}. {Korpuslinguistische} {Befunde} und sprachtheoretische {{\"U}berlegungen}}}

@incollection{Sutcliffe1993,
	author = {Sutcliffe, John P.},
	booktitle = {Categories and concepts: Theoretical views and inductive data analysis},
	date = {1993},
	editor = {Mechelen, Iven Van and Hampton, James A. and Michalski, Ryszard S. and Theuns, Peter},
	location = {London},
	pages = {35--65},
	publisher = {Academic Press},
	title = {Concepts, class, and category in the tradition of {Aristotle}}}

@book{Szczepaniak2009,
	author = {Szczepaniak, Renata},
	date = {2009},
	location = {T{\"u}bingen},
	publisher = {Narr},
	title = {Grammatikalisierung im {Deutschen}. {Eine} {Einf{\"u}hrung}}}

@book{Taylor2003,
	author = {Taylor, John R.},
	date = {2003},
	edition = {3},
	location = {Oxford},
	publisher = {Oxford University Press},
	title = {Linguistic categorization}}

@incollection{Taylor2008,
	author = {Taylor, John R.},
	booktitle = {Handbook of cognitive linguistics and second language acquisition},
	date = {2008},
	editor = {Robinson, Peter and Ellis, Nick C.},
	location = {New York and London},
	pages = {39--65},
	publisher = {Routledge},
	title = {Prototypes in cognitive linguistics}}

@book{Tomasello2003,
	author = {Tomasello, Michael},
	date = {2003},
	location = {Harvard},
	publisher = {Harvard University Press},
	title = {Constructing a Language: A Usage-Based Theory of Language Acquisition}}

@incollection{Vogel2000,
	author = {Vogel, Petra Maria},
	booktitle = {Gender in grammar and cognition},
	date = {2000},
	doi = {10.1515/9783110802603.461},
	editor = {Unterbeck, Barbara},
	location = {Berlin, New York},
	pages = {461--493},
	publisher = {De Gruyter Mouton},
	title = {Nominal abstracts and gender in {Modern} {German}: A ``qualitative'' approach towards the function of gender},
	bdsk-url-1 = {https://doi.org/10.1515/9783110802603.461}}

@article{WernerEa2020,
	author = {Werner, Martina and Mattes, Veronika and Korecky-Kr{\"o}ll, Katharina},
	date = {2020},
	journaltitle = {Word Structure},
	number = {2},
	pages = {166--188},
	title = {The development of synthetic compounds in {German}: Relating diachrony with {LI} acquisition},
	volume = {13}}

@incollection{Wurzel1994,
	author = {Wurzel, Wolfgang Ullrich},
	booktitle = {Natural Morphology: Perspectives for the Nineties},
	date = {1994},
	editor = {Dressler, Wolfgang U.},
	location = {Wien},
	pages = {109--125},
	publisher = {Unipress},
	title = {Inkorporierung und ``{W}ortigkeit'' im {D}eut\-schen}}

@incollection{Wurzel1998,
	author = {Wurzel, Wolfgang Ullrich},
	booktitle = {Historical Linguistics 1995},
	date = {1998},
	doi = {10.1075/cilt.162.24wur},
	editor = {Hogg, Richard M. and van Bergen, Linda},
	location = {Amsterdam, Philadelphia},
	pages = {331--344},
	publisher = {Benjamins},
	title = {On the development of incorporating structures in {German}},
	bdsk-url-1 = {https://doi.org/10.1075/cilt.162.24wur}}

@book{ZuurEa2009,
	author = {Zuur, Alain F. and Ieno, Elena N. and Walker, Neil and Saveliev, Anatoly A. and Smith, Graham M.},
	date = {2009},
	doi = {10.1007/978-0-387-87458-6},
	location = {Berlin etc.},
	publisher = {Springer},
	title = {Mixed effects models and extensions in ecology with {R}},
	bdsk-url-1 = {https://doi.org/10.1007/978-0-387-87458-6}}
